<marc:record xmlns:marc="http://www.loc.gov/MARC21/slim" xmlns:xsi="http://www.w3.org/2001/XMLSchema-instance" xsi:schemaLocation="http://www.loc.gov/MARC21/slim http://www.loc.gov/standards/marcxml/schema/MARC21slim.xsd">

  <marc:leader>00568nkm a22001930a 45 0</marc:leader>
  <marc:controlfield tag="001">846979</marc:controlfield>
  <marc:controlfield tag="003">NL-AMISG</marc:controlfield>
  <marc:controlfield tag="005">20100705152251.0</marc:controlfield>
  <marc:controlfield tag="008">201007s1981uuuu||||||||||||||||||||||| d</marc:controlfield>
  <marc:datafield ind1=" " ind2=" " tag="035">
    <marc:subfield code="a">(IISG)IISGb1059545002</marc:subfield>
  </marc:datafield>
  <marc:datafield ind1=" " ind2=" " tag="040">
    <marc:subfield code="a">NL-AmISG</marc:subfield>
  </marc:datafield>
  <marc:datafield ind1="1" ind2="0" tag="245">
    <marc:subfield code="a">Demonstratie. V.S. uit Centraal-Amerika.</marc:subfield>
    <marc:subfield code="k">Visual document.</marc:subfield>
  </marc:datafield>
  <marc:datafield ind1=" " ind2=" " tag="260">
    <marc:subfield code="c">1981</marc:subfield>
    <marc:subfield code="e">(S.l. :</marc:subfield>
    <marc:subfield code="f">s.n.,</marc:subfield>
    <marc:subfield code="g">1981)</marc:subfield>
  </marc:datafield>
  <marc:datafield ind1=" " ind2=" " tag="300">
    <marc:subfield code="g">59.5x40.5 cm.</marc:subfield>
  </marc:datafield>
  <marc:datafield ind1=" " ind2=" " tag="542">
    <marc:subfield code="m">closed</marc:subfield>
  </marc:datafield>
  <marc:datafield ind1=" " ind2="4" tag="648">
    <marc:subfield code="a">1981-1981.</marc:subfield>
    <marc:subfield code="0">(NL-AMISG)368058</marc:subfield>
  </marc:datafield>
  <marc:datafield ind1=" " ind2="4" tag="651">
    <marc:subfield code="a">Utrecht. (Netherlands)</marc:subfield>
    <marc:subfield code="0">(NL-AMISG)231631</marc:subfield>
  </marc:datafield>
  <marc:datafield ind1=" " ind2="4" tag="655">
    <marc:subfield code="a">Poster.</marc:subfield>
    <marc:subfield code="0">(NL-AMISG)3248</marc:subfield>
  </marc:datafield>
  <marc:datafield ind1=" " ind2=" " tag="695">
    <marc:subfield code="a">NED</marc:subfield>
    <marc:subfield code="g">Utrecht.</marc:subfield>
  </marc:datafield>
  <marc:datafield ind1="2" ind2=" " tag="710">
    <marc:subfield code="a">Breed Platform tegen de VS Inmenging in Midden-Amerika (Tilburg)</marc:subfield>
    <marc:subfield code="0">(NL-AMISG)57572</marc:subfield>
  </marc:datafield>
  <marc:datafield ind1="2" ind2=" " tag="711">
    <marc:subfield code="0">(NL-AMISG)2516</marc:subfield>
    <marc:subfield code="a">Actie Latijns-Amerika</marc:subfield>
    <marc:subfield code="c">Utrecht)</marc:subfield>
    <marc:subfield code="d">(1981 :</marc:subfield>
    <marc:subfield code="e">f</marc:subfield>
    <marc:subfield code="g">k</marc:subfield>
    <marc:subfield code="l">n</marc:subfield>
    <marc:subfield code="p">q</marc:subfield>
    <marc:subfield code="s">t</marc:subfield>
    <marc:subfield code="v">x</marc:subfield>
    <marc:subfield code="y">z</marc:subfield>
  </marc:datafield>
  <marc:datafield ind1=" " ind2=" " tag="985">
    <marc:subfield code="a">Geheugen6</marc:subfield>
  </marc:datafield>
  <marc:datafield ind1="4" ind2=" " tag="852">
    <marc:subfield code="a">IISG</marc:subfield>
    <marc:subfield code="b">IISG</marc:subfield>
    <marc:subfield code="c">IISG</marc:subfield>
    <marc:subfield code="j">BG H20/276</marc:subfield>
    <marc:subfield code="n">Available</marc:subfield>
    <marc:subfield code="p">10622/30051002838206</marc:subfield>
  </marc:datafield>
  <marc:datafield ind1=" " ind2=" " tag="901">
    <marc:subfield code="a">846979</marc:subfield>
    <marc:subfield code="b">Unknown</marc:subfield>
    <marc:subfield code="c">846979</marc:subfield>
    <marc:subfield code="t">biblio</marc:subfield>
  </marc:datafield>
  <marc:datafield ind1=" " ind2=" " tag="902">
    <marc:subfield code="a">10622/DCE5E90C-0035-4995-BB4F-06F4763C1B0B</marc:subfield>
  </marc:datafield>
</marc:record>
